@inproceedings{bao2014role,
	title={The {R}ole of {P}re-processing in {T}witter {S}entiment {A}nalysis},
	author={Bao, Yanwei and Quan, Changqin and Wang, Lijuan and Ren, Fuji},
	booktitle={International Conference on Intelligent Computing},
	pages={615--624},
	year={2014},
	organization={Springer}
}

@article{go2009twitter,
	title={Twitter sentiment classification using distant supervision},
	author={Go, Alec and Bhayani, Richa and Huang, Lei},
	journal={CS224N Project Report, Stanford},
	volume={1},
	number={2009},
	pages={12},
	year={2009}
}

@electronic{twitter,
	organization="Twitter Inc.",
	title="Twitter",
	url={http://www.twitter.com/}
}

@inproceedings{pennington2014glove,
	author = {Jeffrey Pennington and Richard Socher and Christopher D. Manning},
	booktitle = {{E}mpirical {M}ethods in {N}atural {L}anguage {P}rocessing ({EMNLP})},
	title = {Glo{V}e: {G}lobal {V}ectors for {W}ord {R}epresentation},
	year = {2014},
	pages = {1532--1543},
	url = {http://www.aclweb.org/anthology/D14-1162},
}

@article{mikolov2013word2vec,
	author    = {Tomas Mikolov and
	Kai Chen and
	Greg Corrado and
	Jeffrey Dean},
	title     = {Efficient {E}stimation of {W}ord {R}epresentations in {V}ector {S}pace},
	journal   = {CoRR},
	volume    = {abs/1301.3781},
	year      = {2013},
	url       = {http://arxiv.org/abs/1301.3781},
	timestamp = {Wed, 07 Jun 2017 14:42:25 +0200},
	biburl    = {http://dblp.uni-trier.de/rec/bib/journals/corr/abs-1301-3781},
	bibsource = {dblp computer science bibliography, http://dblp.org}
}

@article{luong2015effective,
	title={{E}ffective {A}pproaches to {A}ttention-{B}ased {N}eural {M}achine {T}ranslation},
	url = {http://aclweb.org/anthology/D15-1166},
	author={Luong, Minh-Thang and Pham, Hieu and Manning, Christopher D},
	journal={arXiv preprint arXiv:1508.04025},
	year={2015}
}

@article{Attention2017effective,
	title={{A}ttention-{B}ased {LSTM} for {A}spect-{L}evel {S}entiment {C}lassification},
	url = {https://www.aclweb.org/anthology/D/D16/D16-1058.pdf},
	author={Yequan Wang and Minlie Huang and Li Zhao and Xiaoyan Zhu},
	journal={Conference on Empirical Methods on Natural Language Processing},
	year={2017}
}

@article{AttentionBahdanau,
	title={{N}eural {M}achine {T}ranslation by {J}ointly {L}earning to {A}lign and {T}ranslate},
	url = {https://arxiv.org/pdf/1409.0473.pdf},
	author={Dzmitry Bahdanau, KyungHyun Cho and Yoshua Bengio},
	journal={International Conference on Learning Representations},
	year={2015}
}

@inproceedings{socher2011parsing,
	title={Parsing {N}atural {S}cenes and {N}atural {L}anguage with {R}ecursive {N}eural {N}etworks},
	author={Socher, Richard and Lin, Cliff C and Manning, Chris and Ng, Andrew Y},
	booktitle={Proceedings of the 28th international conference on machine learning (ICML-11)},
	pages={129--136},
	year={2011}
}

@inproceedings{dong2014adaptive,
	title={Adaptive {R}ecursive {N}eural {N}etwork for {T}arget-{D}ependent {T}witter {S}entiment {C}lassification.},
	author={Dong, Li and Wei, Furu and Tan, Chuanqi and Tang, Duyu and Zhou, Ming and Xu, Ke},
	booktitle={ACL (2)},
	pages={49--54},
	year={2014}
}

@inproceedings{qian2015learning,
	title={Learning {T}ag {E}mbeddings and {T}ag-{S}pecific {C}omposition {F}unctions in {R}ecursive {N}eural {N}etwork},
	author={Qian, Qiao and Tian, Bo and Huang, Minlie and Liu, Yang and Zhu, Xuan and Zhu, Xiaoyan},
	booktitle={ACL (1)},
	pages={1365--1374},
	year={2015}
}

@inproceedings{socher2013reasoning,
	title={Reasoning with {N}eural {T}ensor {N}etworks for {K}nowledge {B}ase {C}ompletion},
	author={Socher, Richard and Chen, Danqi and Manning, Christopher D and Ng, Andrew},
	booktitle={Advances in neural information processing systems},
	pages={926--934},
	year={2013}
}

@inproceedings{mikolov2010recurrent,
	title={Recurrent {N}eural {N}etwork {B}ased {L}anguage {M}odel},
	author={Mikolov, Tomas and Karafi{\'a}t, Martin and Burget, Lukas and Cernock{\`y}, Jan and Khudanpur, Sanjeev},
	booktitle={Interspeech},
	volume={2},
	pages={3},
	year={2010}
}

@article{hochreiter1997long,
	title={Long {S}hort-{T}erm {M}emory},
	author={Hochreiter, Sepp and Schmidhuber, J{\"u}rgen},
	journal={Neural computation},
	volume={9},
	number={8},
	pages={1735--1780},
	year={1997},
	publisher={MIT Press}
}

@article{kingma2014adam,
	title={Adam: A method for stochastic optimization},
	author={Kingma, Diederik and Ba, Jimmy},
	journal={arXiv preprint arXiv:1412.6980},
	year={2014}
}

@article{hemalatha2012preprocessing,
  title={Preprocessing the informal text for efficient sentiment analysis},
  author={Hemalatha, I and Varma, GP Saradhi and Govardhan, A},
  journal={International Journal of Emerging Trends \& Technology in Computer Science (IJETTCS)},
  volume={1},
  number={2},
  pages={58--61},
  year={2012}
}